<?xml version="1.0" encoding="UTF-8"?><record xmlns="http://www.loc.gov/MARC21/slim" xmlns:cinclude="http://apache.org/cocoon/include/1.0" xmlns:zs="http://www.loc.gov/zing/srw/">
  <leader>00619cz  a2200181n  4500</leader>
  <controlfield tag="001">nr 99004426 </controlfield>
  <controlfield tag="003">DLC</controlfield>
  <controlfield tag="005">20141118133523.0</controlfield>
  <controlfield tag="008">990208n| azannaabn          |a aaa     c</controlfield>
  <datafield tag="010" ind1=" " ind2=" ">
    <subfield code="a">nr 99004426 </subfield>
  </datafield>
  <datafield tag="040" ind1=" " ind2=" ">
    <subfield code="a">NIC</subfield>
    <subfield code="b">eng</subfield>
    <subfield code="e">rda</subfield>
    <subfield code="c">NIC</subfield>
    <subfield code="d">DLC</subfield>
  </datafield>
  <datafield tag="046" ind1=" " ind2=" ">
    <subfield code="f">19480211</subfield>
  </datafield>
  <datafield tag="100" ind1="1" ind2=" ">
    <subfield code="a">Đỗ, Hữu Tài</subfield>
  </datafield>
  <datafield tag="375" ind1=" " ind2=" ">
    <subfield code="a">male</subfield>
  </datafield>
  <datafield tag="377" ind1=" " ind2=" ">
    <subfield code="a">vie</subfield>
  </datafield>
  <datafield tag="400" ind1="0" ind2=" ">
    <subfield code="a">Đỗ Hữu Tài</subfield>
  </datafield>
  <datafield tag="670" ind1=" " ind2=" ">
    <subfield code="a">Chuyên đề quản lí trường học, 1997:</subfield>
    <subfield code="b">t.p. (Đỗ Hữu Tài)</subfield>
  </datafield>
  <datafield tag="670" ind1=" " ind2=" ">
    <subfield code="a">310 năm giáo dục-đào tạo Biên Hoà Đồng Nai, 2010:</subfield>
    <subfield code="b">t.p. (Đỗ Hữu Tài) front jk. (b. Feb. 11, 1948 in Bình Dương)</subfield>
  </datafield>
</record>